@DocuShare{DMTN-106,
  author = {Gabriele Comoretto},
   title = "{DM Release Process}",
    year = 2019,
   month = apr,
  handle = {DMTN-106},
}

@DocuShare{DMTN-104,
  author = {Gabriele Comoretto},
   title = "{Data Management Detailed Product Tree}",
    year = 2019,
   month = jan,
  handle = {DMTN-104},
}
